@misc{gates_2019, title={{Flawed analysis, failed oversight: How Boeing, FAA certified the suspect 737 MAX flight control system}}, url={https://www.seattletimes.com/business/boeing-aerospace/failed-certification-faa-missed-safety-issues-in-the-737-max-system-implicated-in-the-lion-air-crash/}, journal={The Seattle Times}, publisher={The Seattle Times Company}, author={Gates, Dominic}, year={2019}, month={Mar}}